% This file was created with JabRef 2.10.
% Encoding: Cp1252


@Article{Harel1987,
  Title                    = {Statecharts: A Visual Formalism for Complex Systems},
  Author                   = {Harel, David},
  Journal                  = {Sci. Comput. Program.},
  Year                     = {1987},

  Month                    = jun,
  Number                   = {3},
  Pages                    = {231--274},
  Volume                   = {8},

  Acmid                    = {34886},
  Address                  = {Amsterdam, The Netherlands, The Netherlands},
  Doi                      = {10.1016/0167-6423(87)90035-9},
  ISSN                     = {0167-6423},
  Issue_date               = {June 1, 1987},
  Numpages                 = {44},
  Owner                    = {Rafael},
  Publisher                = {Elsevier North-Holland, Inc.},
  Timestamp                = {2014.11.11},
  Url                      = {http://dx.doi.org/10.1016/0167-6423(87)90035-9}
}

@Electronic{LEGO2014,
  Title                    = {{LEGO MINDSTORMS Education Building Instructions}},
  Author                   = {LEGO, Education},
  Language                 = {English},
  Month                    = {Oct},
  Url                      = {https://education.lego.com/da-dk/lesi/support/product-support/mindstorms-education-nxt/nxt-base-set-9797/building-instructions},
  Year                     = {2014},

  Owner                    = {Rafael},
  Timestamp                = {2014.10.15}
}

@Article{Miranda1987,
  Title                    = {Introduccion a las redes de Petri},
  Author                   = {Eduardo Miranda},
  Journal                  = {Revista Telegrafica Electronica},
  Year                     = {1987},

  Owner                    = {Rafael},
  Timestamp                = {2014.11.11}
}

@Misc{Wikipedi2014,
  Title                    = {Red de Petri --- Wikipedia{,} La enciclopedia libre},

  Author                   = {Wikipedia},
  Note                     = {[Internet; descargado 11-noviembre-2014]},
  Year                     = {2014},

  Owner                    = {Rafael},
  Timestamp                = {2014.11.11},
  Url                      = {\url{http://es.wikipedia.org/w/index.php?title=Red_de_Petri&oldid=75445476}}
}

