% This file was created with JabRef 2.10.
% Encoding: Cp1252


@Electronic{LEGO2014,
  Title                    = {{LEGO MINDSTORMS Education Building Instructions}},
  Author                   = {LEGO, Education},
  Language                 = {English},
  Month                    = {Oct},
  Url                      = {https://education.lego.com/da-dk/lesi/support/product-support/mindstorms-education-nxt/nxt-base-set-9797/building-instructions},
  Year                     = {2014},

  Owner                    = {Rafael},
  Timestamp                = {2014.10.15}
}

